@inproceedings{shor1994algorithms,
  title={Algorithms for quantum computation: {D}iscrete logarithms and factoring},
  author={Shor, Peter W},
  booktitle={FOCS},
  year={1994},
}